@online{geeksforgeeks-2024,
  author  = {GeeksforGeeks},
  title   = {React vs Angular vs Vue: Which Framework is the Best?},
  url     = {https://www.geeksforgeeks.org/react-vs-angular-vs-vue-which-framework-is-the-best/},
  urldate = {2024-12-12}
}

@online{hackernoon-2024,
  author  = {HackerNoon},
  title   = {Python Web Frameworks Compared: Django vs FastAPI},
  url     = {https://hackernoon.com/python-web-frameworks-compared-django-vs-fastapi#:~:text=Python%20Web%20Frameworks%20Compared%3A%20Django%20vs%20FastAPI%201,...%208%20Community%20and%20Support%20...%20More%20items},
  urldate = {2024-12-12}
}


@online{dbengines-2024,
  author  = {DB-Engines},
  title   = {ArangoDB vs Neo4j vs OrientDB},
  url     = {https://db-engines.com/en/system/ArangoDB%3bNeo4j%3bOrientDB},
  urldate = {2024-12-12}
}

@misc{liu2023gevalnlgevaluationusing,
      title={G-Eval: NLG Evaluation using GPT-4 with Better Human Alignment}, 
      author={Yang Liu and Dan Iter and Yichong Xu and Shuohang Wang and Ruochen Xu and Chenguang Zhu},
      year={2023},
      eprint={2303.16634},
      archivePrefix={arXiv},
      primaryClass={cs.CL},
      url={https://arxiv.org/abs/2303.16634}, 
}

@inproceedings{zhang2020new,
  author    = {Zhao Zhang and Armelle Brun and Anne Boyer},
  title     = {New Measures for Offline Evaluation of Learning Path Recommenders},
  booktitle = {15th European Conference on Technology Enhanced Learning (EC-TEL 2020)},
  year      = {2020},
  month     = sep,
  address   = {Heidelberg, Germany},
  doi       = {10.1007/978-3-030-57717-9_19},
  url       = {https://hal.archives-ouvertes.fr/hal-02974676},
  publisher = {Springer},
}

